@inproceedings{a1,
  title={eSports: a new industry},
  author={Block, Sebastian and Haack, Florian},
  booktitle={SHS Web of Conferences},
  volume={92},
  pages={04002},
  year={2021},
  organization={EDP Sciences}
}

@article{a13,
  title={The role of breakthrough technologies in the growth of esports},
  author={Marques, Nuno},
  journal={IEEE Potentials},
  volume={38},
  number={3},
  pages={24--26},
  year={2019},
  publisher={IEEE}
}

@article{a10,
  title={Analysis of eSports as a commercial activity},
  author={Lokhman, Natalia and Karashchuk, Oksana and Kornilova, Olena},
  journal={Problems and Perspectives in Management},
  volume={16},
  number={1},
  pages={207--213},
  year={2018},
  publisher={Limited Liability Company" Consulting Publishing Company" Business Perspectives"}
}

@article{a7,
  title={Work, play, and precariousness: An overview of the labour ecosystem of esports},
  author={Johnson, Mark R and Woodcock, Jamie},
  journal={Media, Culture \& Society},
  volume={43},
  number={8},
  pages={1449--1465},
  year={2021},
  publisher={SAGE Publications Sage UK: London, England}
}

@article{a16,
  title={The evolution of eSports: An analysis of its origin and a look at its prospective future growth as enhanced by Information Technology Management tools},
  author={Olsen, Anders Hval},
  journal={arXiv preprint arXiv:1509.08795},
  year={2015}
}

@inproceedings{a8,
  title={Be part of it: Spectator experience in gaming and esports},
  author={Kriglstein, Simone and Wallner, G{\"u}nter and Charleer, Sven and Gerling, Kathrin and Mirza-Babaei, Pejman and Schirra, Steven and Tscheligi, Manfred},
  booktitle={Extended Abstracts of the 2020 CHI Conference on Human Factors in Computing Systems},
  pages={1--7},
  year={2020}
}

@article{a18,
  title={Can esports substitute traditional sports? The convergence of sports and video gaming during the pandemic and beyond},
  author={Pu, Haozhou and Kim, Jeeyoon and Daprano, Corinne},
  journal={Societies},
  volume={11},
  number={4},
  pages={129},
  year={2021},
  publisher={MDPI}
}

@article{a12,
  title={Economics of esports},
  author={Mangeloja, Esa},
  journal={Electronic Journal of Business Ethics and Organization Studies},
  volume={24},
  number={2},
  year={2019},
  publisher={Jyv{\"a}skyl{\"a}n yliopisto, Business and Organization Ethics Network (BON)}
}

@inproceedings{a3,
  title={eSports as an emerging research context at CHI: Diverse perspectives on definitions},
  author={Freeman, Guo and Wohn, Donghee Yvette},
  booktitle={Proceedings of the 2017 CHI conference extended abstracts on human factors in computing systems},
  pages={1601--1608},
  year={2017}
}

@article{a5,
  title={eSports venues: A new sport business opportunity},
  author={Jenny, Seth E and Keiper, Margaret C and Taylor, Blake J and Williams, Dylan P and Gawrysiak, Joey and Manning, R Douglas and Tutka, Patrick M},
  journal={Journal of Applied Sport Management},
  volume={10},
  number={1},
  pages={8},
  year={2018}
}

@article{a25,
  title={Narratives, identity and community in esports},
  author={Xue, Hanhan and Newman, Joshua I and Du, James},
  journal={Leisure Studies},
  volume={38},
  number={6},
  pages={845--861},
  year={2019},
  publisher={Taylor \& Francis}
}

@article{a19,
  title={Esports research: A literature review},
  author={Reitman, Jason G and Anderson-Coto, Maria J and Wu, Minerva and Lee, Je Seok and Steinkuehler, Constance},
  journal={Games and Culture},
  volume={15},
  number={1},
  pages={32--50},
  year={2020},
  publisher={Sage Publications Sage CA: Los Angeles, CA}
}

@article{a2,
  title={Esports matrix: Structuring the esports research agenda},
  author={Cranmer, Eleanor E and Han, Dai-In Danny and van Gisbergen, Marnix and Jung, Timothy},
  journal={Computers in Human Behavior},
  volume={117},
  pages={106671},
  year={2021},
  publisher={Elsevier}
}


@article{a21,
  title={Knowledge management in the esports industry: sustainability, continuity, and achievement of competitive results},
  author={Saiz-Alvarez, Jos{\'e} Manuel and Palma-Ruiz, Jes{\'u}s Manuel and Valles-Baca, Herik Germ{\'a}n and Fierro-Ram{\'\i}rez, Luis Alberto},
  journal={Sustainability},
  volume={13},
  number={19},
  pages={10890},
  year={2021},
  publisher={MDPI}
}

@article{a14,
    title={The structure of performance and training in esports},
    author={Nagorsky, Evgeny and Wiemeyer, Josef},
    journal={PLoS ONE},
    volume={15},
    number={8},
    year={2020},
    pages={e0237584},
    doi={10.1371/journal.pone.0237584}
}

@article{a11,
  title={Does esports spectating influence game consumption?},
  author={Macey, Joseph and Tyrv{\"a}inen, Ville and Pirkkalainen, Henri and Hamari, Juho},
  journal={Behaviour \& Information Technology},
  volume={41},
  number={1},
  pages={181--197},
  year={2022},
  publisher={Taylor \& Francis}
}

@article{a6,
  title={Virtual (ly) athletes: where eSports fit within the definition of “Sport”},
  author={Jenny, Seth E and Manning, R Douglas and Keiper, Margaret C and Olrich, Tracy W},
  journal={Quest},
  volume={69},
  number={1},
  pages={1--18},
  year={2017},
  publisher={Taylor \& Francis}
}

@article{a17,
  title={Esports: The chess of the 21st century},
  author={Pluss, Matthew A and Bennett, Kyle JM and Novak, Andrew R and Panchuk, Derek and Coutts, Aaron J and Fransen, Job},
  journal={Frontiers in psychology},
  volume={10},
  pages={156},
  year={2019},
  publisher={Frontiers Media SA}
}

@misc{a22,
  title={Deciphering the World of eSports},
  author={Scholz, Tobias M},
  journal={International Journal on Media Management},
  volume={22},
  number={1},
  pages={1--12},
  year={2020},
  publisher={Taylor \& Francis}
}

@article{a24,
  title={Factors influencing eSports viewership: An approach based on the theory of reasoned action},
  author={Xiao, Min},
  journal={Communication \& Sport},
  volume={8},
  number={1},
  pages={92--122},
  year={2020},
  publisher={SAGE Publications Sage CA: Los Angeles, CA}
}

@article{a20,
  title={eSport gaming: the rise of a new sports practice},
  author={Rosell Llorens, Mariona},
  journal={Sport, Ethics and Philosophy},
  volume={11},
  number={4},
  pages={464--476},
  year={2017},
  publisher={Taylor \& Francis}
}

@article{a9,
  title={Comparison of eSports and traditional sports consumption motives.},
  author={Lee, Donghun and Schoenstedt, Linda J},
  journal={ICHPER-SD Journal Of Research},
  volume={6},
  number={2},
  pages={39--44},
  year={2011},
  publisher={ERIC}
}

@article{a15,
  title={Gaming gone viral: An analysis of the emerging esports narrative economy},
  author={Newman, Joshua I and Xue, Hanhan and Watanabe, Nicholas M and Yan, Grace and McLeod, Christopher M},
  journal={Communication \& Sport},
  volume={10},
  number={2},
  pages={241--270},
  year={2022},
  publisher={SAGE Publications Sage CA: Los Angeles, CA}
}

@article{a4,
  title={What is eSports and why do people watch it?},
  author={Hamari, Juho and Sj{\"o}blom, Max},
  journal={Internet research},
  volume={27},
  number={2},
  pages={211--232},
  year={2017},
  publisher={Emerald Publishing Limited}
}

@inproceedings{a23,
  title={On the Scientific Relevance of eSports.},
  author={Wagner, Michael G},
  booktitle={International conference on internet computing},
  pages={437--442},
  year={2006},
  organization={Las Vegas, NV}
}

@article{Ali2017Impact,
title={Impact of learning analytics on product marketing with serious games in Bangladesh},
author={Mohammad Ali and Swakkhar Shatabda and M. Ahmed},
journal={2017 IEEE Region 10 Humanitarian Technology Conference (R10-HTC)},
year={2017},
pages={576-579},
doi={10.1109/R10-HTC.2017.8289026}
}
@article{Islam2015Identification,
title={Identification of the Key Factors Affecting the Adoption of Mobile Phone Gaming: A Study in the Context of Bangladesh.},
author={Md.Farijul Islam and M. Rahman and Md. Mainuddin A. N. M. M. H. Chowdhury},
journal={Global Journal of Management and Business Research},
year={2015},
doi={}
}
@article{Szillat2020Introduction,
title={Introduction into the Global E-Sports Industry - Historic Perspectives},
author={P. Szillat and Stefan Breuer and Jörg Biermann},
journal={International Journal of Humanities, Social Sciences and Education},
year={2020},
doi={10.20431/2349-0381.0711002}
}
@article{Edgar2019Esport,
title={Esport},
author={A. Edgar},
journal={Sport, Ethics and Philosophy},
year={2019},
volume={13},
pages={1 - 2},
doi={10.1080/17511321.2019.1558558}
}
@article{Funk2017eSport,
title={eSport management: Embracing eSport education and research opportunities},
author={Daniel C. Funk and Anthony D. Pizzo and Bradley J. Baker},
journal={Sport Management Review},
year={2017},
volume={21},
pages={7-13},
doi={10.1016/J.SMR.2017.07.008}
}
@article{Wattanapisit2020Public,
title={Public Health Perspectives on eSports},
author={Apichai Wattanapisit and Sanhapan Wattanapisit and S. Wongsiri},
journal={Public Health Reports},
year={2020},
volume={135},
pages={295 - 298},
doi={10.1177/0033354920912718}
}
@article{Kemp2020Brace,
title={Brace yourselves: esports is coming},
author={C. Kemp and P. Pienaar and D. Rae},
journal={South African Journal of Sports Medicine},
year={2020},
volume={32},
doi={10.17159/2078-516x/2020/v32i1a7596}
}