@article{wang2020investigating,
  title={Investigating mental health of US college students during the COVID-19 pandemic: Cross-sectional survey study},
  author={Wang, Xiaomei and Hegde, Sudeep and Son, Changwon and Keller, Bruce and Smith, Alec and Sasangohar, Farzan},
  journal={Journal of medical Internet research},
  volume={22},
  number={9},
  pages={e22817},
  year={2020},
  publisher={JMIR Publications Toronto, Canada}
}

@article{thieme2020machine,
  title={Machine learning in mental health: A systematic review of the HCI literature to support the development of effective and implementable ML systems},
  author={Thieme, Anja and Belgrave, Danielle and Doherty, Gavin},
  journal={ACM Transactions on Computer-Human Interaction (TOCHI)},
  volume={27},
  number={5},
  pages={1--53},
  year={2020},
  publisher={ACM New York, NY, USA}
}

@article{zhang2022natural,
  title={Natural language processing applied to mental illness detection: a narrative review},
  author={Zhang, Tianlin and Schoene, Annika M and Ji, Shaoxiong and Ananiadou, Sophia},
  journal={NPJ digital medicine},
  volume={5},
  number={1},
  pages={46},
  year={2022},
  publisher={Nature Publishing Group UK London}
}

@article{doherty2010design,
  title={Design and evaluation guidelines for mental health technologies},
  author={Doherty, Gavin and Coyle, David and Matthews, Mark},
  journal={Interacting with computers},
  volume={22},
  number={4},
  pages={243--252},
  year={2010},
  publisher={OUP}
}